 @book{Whitehead_Russell_Whitehead_1997,
  address    = {Cambridge [Cambridgeshire]; New York},
  edition    = {Pbk. ed},
  series     = {Cambridge mathematical library},
  title      = {Principia mathematica, to *56},
  isbn       = {9780521626064},
  publisher  = {Cambridge University Press},
  author     = {Whitehead, Alfred North and Russell, Bertrand and Whitehead, Alfred North},
  year       = {1997},
  collection = {Cambridge mathematical library}
}
@misc{web:note-template,
  author = {Pingbang Hu},
  title  = {Note Template},
  year   = {2023},
  note   = {Last accessed 14 September 2023},
  url    = {https://github.com/sleepymalc/LaTeX-Template/tree/main/Note}
}
